% Encoding: windows-1250
@BOOK{swiftOpenStackSwift,
  author = {Joe Arnold},
  title = {OpenStack Swift: Using, Administering, and Developing for Swift Object Storage},
  year = {2014},
  publisher = {O'Reilly Media, Inc.},
  isbn = {978-1-4919-0082-6},
}

@misc{swiftArchitecturalOverview,
    title = "Swift Architectural Overview",
    howpublished = "online",
    note         = {\url{https://docs.openstack.org/swift/xena/overview_architecture.html}},
    cited =        "2021-12-27"
}

@misc{swiftMiddleware,
    title = "Swift Middleware and Metadata",
    howpublished = "online",
    note = {\url{https://docs.openstack.org/swift/xena/development_middleware.html}},
    cited =        "2021-12-27"
}

@misc{swiftProblem,
    title = "Send notifications on PUT/POST/DELETE requests",
    howpublished = "online",
    note = {\url{https://specs.openstack.org/openstack/swift-specs/specs/in_progress/notifications.html}}
}

@misc{swiftFirstAttempt,
    title = "OpenStack Swift - event notification first attempt",
    howpublished = "online",
    note = {\url{https://review.opendev.org/c/openstack/swift/+/196755}}
}

@misc{swiftSecondAttempt,
    title = "OpenStack Swift - event notification second attempt",
    howpublished = "online",
    note = {\url{https://review.opendev.org/c/openstack/swift/+/388393}}
}
