    @webpage{swiftPatch1,
      title =        "OpenStack Swift proposed solution 1",
      howpublished = "online",
      year =         "2015",
      url =          "https://review.opendev.org/c/openstack/swift/+/196755",
      cited =        "2021-12-27"
    }

    @webpage{swiftPatch2,
      title =        "OpenStack Swift proposed solution 2",
      howpublished = "online",
      year =         "2016",
      url =          "https://review.opendev.org/c/openstack/swift/+/388393",
      cited =        "2021-12-27"
    }

    @ARTICLE{objectBasedStorage,
      author={Mesnier, M. and Ganger, G.R. and Riedel, E.},
      journal={IEEE Communications Magazine},
      title={Object-based storage},
      year={2003},
      volume={41},
      number={8},
      pages={84-90},
      doi={10.1109/MCOM.2003.1222722}
    }

    @book{networkStorage,
      title =     {Network Storage: Tools and Technologies for Storing Your Company's Data},
      author =    {James O'Reilly},
      publisher = {Elsevier},
      isbn =      {9780128038635; 0128038632},
      year =      {2017}
    }

    @book{ibmObjectStorage,
      title =     {Cloud Object Storage as a Service: IBM Cloud Object Storage from Theory to Practice},
      author =    {Anil Patil, Deepak Rangarao, Harald Seipp, Maciej Lasota, Reginaldo Marcelo dos Santos, ...},
      publisher = {IBM},
      isbn =      {0738442453},
      year =      {2017}
    }

    @book{cloudObjectStorage,
      author = {Zheng, Qing and Chen, Haopeng and Wang, Yaguang and Duan, Jiangang and Huang, Zhiteng},
      year = {2012},
      pages = {998-999},
      title = {COSBench: A Benchmark Tool for Cloud Object Storage Services},
      isbn = {978-1-4673-2892-0},
      doi = {10.1109/CLOUD.2012.52}
    }

    @book{openstackObjectStorage,
      author = {Amar Kapadia, Kris Rajana, Sreedhar Varma},
      title = {OpenStack Object Storage (Swift) Essentials},
      year = {2015},
      publisher = {Packt Publishing},
      isbn = {978-1-78528-359-8},
    }
